@INPROCEEDINGS{iit-erasure,
    title = {Constructing Inductive-Inductive Types via Type Erasure},
    author = {Thorsten Altenkirch and Ambrus Kaposi and Andr{\'a}s Kov{\'a}cs and Jakob von Raumer},
    year = {2019},
    booktitle = {25th International Conference on Types for Proofs and Programs, TYPES 2019},
    editor = {Marc Bezem},
    publisher = {Centre for Advanced Study at the Norwegian Academy of Science and Letters},
    comment = {Abstract}
}
@INPROCEEDINGS{iit-to-ix,
    title = {Reducing Inductive-Inductive Types to Indexed Inductive Types},
    author = {Thorsten Altenkirch and Ambrus Kaposi and Andr{\'a}s Kov{\'a}cs and Jakob von Raumer},
    year = {2018},
    booktitle = {24th International Conference on Types for Proofs and Programs, TYPES 2018},
    editor = {Esp{\'i}rito Santo, Jos{\'e} and Pinto, Lu{\'i}s},
    publisher = {University of Minho},
    comment = {Abstract}
}
@article{induction-is-enough,
 author = {Kaposi, Ambrus and Kovács, András and Lafont Ambroise},
 title = {For Induction-Induction, Induction is Enough},
 year = {2019},
 journal = {Submitted to TYPES 2019 post-proceedings}
} 
@inproceedings{setoid-model,
 author = {Altenkirch, Thorsten},
 title = {Extensional Equality in Intensional Type Theory},
 year = {1999},
 isbn = {0769501583},
 publisher = {IEEE Computer Society},
 address = {USA},
 booktitle = {Proceedings of the 14th Annual IEEE Symposium on Logic in Computer Science},
 pages = {412},
 numpages = {1},
 keywords = {categorical models, Type Theory},
 series = {LICS ’99}
}
@InProceedings{mpc19,
author="Altenkirch, Thorsten
and Boulier, Simon
and Kaposi, Ambrus
and Tabareau, Nicolas",
editor="Hutton, Graham",
title="Setoid Type Theory---A Syntactic Translation",
booktitle="Mathematics of Program Construction",
year="2019",
publisher="Springer International Publishing",
address="Cham",
pages="155--196",
isbn="978-3-030-33636-3"
}
@article{gilbert,
  TITLE = {{Definitional Proof-Irrelevance without K}},
  AUTHOR = {Gilbert, Ga{\"e}tan and Cockx, Jesper and Sozeau, Matthieu and Tabareau, Nicolas},
  URL = {https://hal.inria.fr/hal-01859964},
  JOURNAL = {{Proceedings of the ACM on Programming Languages}},
  HAL_LOCAL_REFERENCE = {ACL+},
  HAL_LOCAL_REFERENCE = {BEST},
  PUBLISHER = {{ACM}},
  SERIES = {POPL'19},
  PAGES = {1-28},
  YEAR = {2019},
  MONTH = Jan,
  DOI = {10.1145/329031610.1145/3290316},
  PDF = {https://hal.inria.fr/hal-01859964/file/main_popl.pdf},
  HAL_ID = {hal-01859964},
  HAL_VERSION = {v2},
}